@inproceedings{cpp/KanLRS22,
  author       = {Shuanglong Kan and
                  Anthony Widjaja Lin and
                  Philipp R{\"{u}}mmer and
                  Micha Schrader},
  editor       = {Andrei Popescu and
                  Steve Zdancewic},
  title        = {CertiStr: a certified string solver},
  booktitle    = {{CPP} '22: 11th {ACM} {SIGPLAN} International Conference on Certified
                  Programs and Proofs, Philadelphia, PA, USA, January 17 - 18, 2022},
  pages        = {210--224},
  publisher    = {{ACM}},
  year         = {2022},
  url          = {https://doi.org/10.1145/3497775.3503691},
  doi          = {10.1145/3497775.3503691},
  timestamp    = {Sun, 19 Jan 2025 13:39:06 +0100},
  biburl       = {https://dblp.org/rec/conf/cpp/KanLRS22.bib},
  bibsource    = {dblp computer science bibliography, https://dblp.org}
}

@inproceedings{VeanesHLMB12Transducer,
  author       = {Margus Veanes and
                  Pieter Hooimeijer and
                  Benjamin Livshits and
                  David Molnar and
                  Nikolaj S. Bj{\o}rner},
  editor       = {John Field and
                  Michael Hicks},
  title        = {Symbolic finite state transducers: algorithms and applications},
  booktitle    = {Proceedings of the 39th {ACM} {SIGPLAN-SIGACT} Symposium on Principles
                  of Programming Languages, {POPL} 2012, Philadelphia, Pennsylvania,
                  USA, January 22-28, 2012},
  pages        = {137--150},
  publisher    = {{ACM}},
  year         = {2012},
  url          = {https://doi.org/10.1145/2103656.2103674},
  doi          = {10.1145/2103656.2103674},
  timestamp    = {Sun, 19 Jan 2025 13:36:33 +0100},
  biburl       = {https://dblp.org/rec/conf/popl/VeanesHLMB12.bib},
  bibsource    = {dblp computer science bibliography, https://dblp.org}
}

@inproceedings{DBLP:conf/itp/LammichL10,
	author    = {Peter Lammich and
	Andreas Lochbihler},
	editor    = {Matt Kaufmann and
	Lawrence C. Paulson},
	title     = {{The Isabelle Collections Framework}},
	booktitle = {Interactive Theorem Proving, First International Conference, {ITP}
	2010, Edinburgh, UK, July 11-14, 2010. Proceedings},
	series    = {Lecture Notes in Computer Science},
	volume    = {6172},
	pages     = {339--354},
	publisher = {Springer},
	year      = {2010},
	url       = {https://doi.org/10.1007/978-3-642-14052-5\_24},
	doi       = {10.1007/978-3-642-14052-5\_24},
	timestamp = {Tue, 14 May 2019 10:00:37 +0200},
	biburl    = {https://dblp.org/rec/conf/itp/LammichL10.bib},
	bibsource = {dblp computer science bibliography, https://dblp.org}
}

@inproceedings{DBLP:conf/icse/ThomeSBB17,
	author    = {Julian Thom{\'{e}} and
	Lwin Khin Shar and
	Domenico Bianculli and
	Lionel C. Briand},
	editor    = {Sebasti{\'{a}}n Uchitel and
	Alessandro Orso and
	Martin P. Robillard},
	title     = {Search-driven string constraint solving for vulnerability detection},
	booktitle = {Proceedings of the 39th International Conference on Software Engineering,
	{ICSE} 2017, Buenos Aires, Argentina, May 20-28, 2017},
	pages     = {198--208},
	publisher = {{IEEE} / {ACM}},
	year      = {2017},
	url       = {https://doi.org/10.1109/ICSE.2017.26},
	doi       = {10.1109/ICSE.2017.26},
	timestamp = {Fri, 27 Mar 2020 08:54:45 +0100},
	biburl    = {https://dblp.org/rec/conf/icse/ThomeSBB17.bib},
	bibsource = {dblp computer science bibliography, https://dblp.org}
}

@inproceedings{DBLP:conf/hotsos/BarrettTDLRT16,
	author    = {Clark W. Barrett and
	Cesare Tinelli and
	Morgan Deters and
	Tianyi Liang and
	Andrew Reynolds and
	Nestan Tsiskaridze},
	editor    = {William L. Scherlis and
	David Brumley},
	title     = {Efficient solving of string constraints for security analysis},
	booktitle = {Proceedings of the Symposium and Bootcamp on the Science of Security,
	Pittsburgh, PA, USA, April 19-21, 2016},
	pages     = {4--6},
	publisher = {{ACM}},
	year      = {2016},
	url       = {https://doi.org/10.1145/2898375.2898393},
	doi       = {10.1145/2898375.2898393},
	timestamp = {Tue, 27 Jul 2021 08:54:13 +0200},
	biburl    = {https://dblp.org/rec/conf/hotsos/BarrettTDLRT16.bib},
	bibsource = {dblp computer science bibliography, https://dblp.org}
}

@inproceedings{DBLP:conf/ccs/TrinhCJ14,
	author    = {Minh{-}Thai Trinh and
	Duc{-}Hiep Chu and
	Joxan Jaffar},
	editor    = {Gail{-}Joon Ahn and
	Moti Yung and
	Ninghui Li},
	title     = {{S3:} {A} Symbolic String Solver for Vulnerability Detection in Web
	Applications},
	booktitle = {Proceedings of the 2014 {ACM} {SIGSAC} Conference on Computer and
	Communications Security, Scottsdale, AZ, USA, November 3-7, 2014},
	pages     = {1232--1243},
	publisher = {{ACM}},
	year      = {2014},
	url       = {https://doi.org/10.1145/2660267.2660372},
	doi       = {10.1145/2660267.2660372},
	timestamp = {Tue, 10 Nov 2020 20:00:55 +0100},
	biburl    = {https://dblp.org/rec/conf/ccs/TrinhCJ14.bib},
	bibsource = {dblp computer science bibliography, https://dblp.org}
}

@article{DBLP:journals/fmsd/YuABI14,
	author    = {Fang Yu and
	Muath Alkhalaf and
	Tevfik Bultan and
	Oscar H. Ibarra},
	title     = {Automata-based symbolic string analysis for vulnerability detection},
	journal   = {Formal Methods Syst. Des.},
	volume    = {44},
	number    = {1},
	pages     = {44--70},
	year      = {2014},
	url       = {https://doi.org/10.1007/s10703-013-0189-1},
	doi       = {10.1007/s10703-013-0189-1},
	timestamp = {Fri, 13 Mar 2020 10:55:16 +0100},
	biburl    = {https://dblp.org/rec/journals/fmsd/YuABI14.bib},
	bibsource = {dblp computer science bibliography, https://dblp.org}
}

@inproceedings{DBLP:conf/itp/Lammich13,
	author    = {Peter Lammich},
	editor    = {Sandrine Blazy and
	Christine Paulin{-}Mohring and
	David Pichardie},
	title     = {{Automatic Data Refinement}},
	booktitle = {Interactive Theorem Proving - 4th International Conference, {ITP}
	2013, Rennes, France, July 22-26, 2013. Proceedings},
	series    = {Lecture Notes in Computer Science},
	volume    = {7998},
	pages     = {84--99},
	publisher = {Springer},
	year      = {2013},
	url       = {https://doi.org/10.1007/978-3-642-39634-2\_9},
	doi       = {10.1007/978-3-642-39634-2\_9},
	timestamp = {Wed, 25 Sep 2019 18:17:56 +0200},
	biburl    = {https://dblp.org/rec/conf/itp/Lammich13.bib},
	bibsource = {dblp computer science bibliography, https://dblp.org}
}

@article{Lammich2014TheCA,
  title={The {CAVA} Automata Library},
  author={P. Lammich},
  journal={Arch. Formal Proofs},
  year={2014},
  volume={2014}
}

@inproceedings{DBLP:conf/popl/LinB16,
	author    = {Anthony Widjaja Lin and
	Pablo Barcel{\'{o}}},
	editor    = {Rastislav Bod{\'{\i}}k and
	Rupak Majumdar},
	title     = {String solving with word equations and transducers: towards a logic
	for analysing mutation {XSS}},
	booktitle = {Proceedings of the 43rd Annual {ACM} {SIGPLAN-SIGACT} Symposium on
	Principles of Programming Languages, {POPL} 2016, St. Petersburg,
	FL, USA, January 20 - 22, 2016},
	pages     = {123--136},
	publisher = {{ACM}},
	year      = {2016},
	url       = {https://doi.org/10.1145/2837614.2837641},
	doi       = {10.1145/2837614.2837641},
	timestamp = {Wed, 23 Jun 2021 15:34:31 +0200},
	biburl    = {https://dblp.org/rec/conf/popl/LinB16.bib},
	bibsource = {dblp computer science bibliography, https://dblp.org}
}

@misc{isabelle-homepage,
	title = {{Isabelle Proof Assistant}},
	note = {\url{https://isabelle.in.tum.de/}},
	year=2013
}

@misc{string-file-format,
   title = {{SMT} Strings},
   note = {\url{http://smtlib.cs.uiowa.edu/theories-UnicodeStrings.shtml}}
}

@misc{pcre-format,
	title = {{PCRE} Regex Format},
	note = {\url{https://perldoc.perl.org/perlre}}
}

@inproceedings{DBLP:conf/cav/ShiFLTWY20,
	author    = {Xiaomu Shi and
	Yu{-}Fu Fu and
	Jiaxiang Liu and
	Ming{-}Hsien Tsai and
	Bow{-}Yaw Wang and
	Bo{-}Yin Yang},
	editor    = {Alexandra Silva and
	K. Rustan M. Leino},
	title     = {CoqQFBV: {A} Scalable Certified {SMT} Quantifier-Free Bit-Vector Solver},
	booktitle = {Computer Aided Verification - 33rd International Conference, {CAV}
	2021, Virtual Event, July 20-23, 2021, Proceedings, Part {II}},
	series    = {Lecture Notes in Computer Science},
	volume    = {12760},
	pages     = {149--171},
	publisher = {Springer},
	year      = {2021},
	url       = {https://doi.org/10.1007/978-3-030-81688-9\_7},
	doi       = {10.1007/978-3-030-81688-9\_7},
	timestamp = {Fri, 23 Jul 2021 16:41:31 +0200},
	biburl    = {https://dblp.org/rec/conf/cav/ShiFLTWY20.bib},
	bibsource = {dblp computer science bibliography, https://dblp.org}
}

@inproceedings{DBLP:journals/corr/EkiciKKMRT16,
	author    = {Burak Ekici and
	Guy Katz and
	Chantal Keller and
	Alain Mebsout and
	Andrew J. Reynolds and
	Cesare Tinelli},
	editor    = {Jasmin Christian Blanchette and
	Cezary Kaliszyk},
	title     = {Extending SMTCoq, a Certified Checker for {SMT} (Extended Abstract)},
	booktitle = {Proceedings First International Workshop on Hammers for Type Theories,
	HaTT@IJCAR 2016, Coimbra, Portugal, July 1, 2016},
	series    = {{EPTCS}},
	volume    = {210},
	pages     = {21--29},
	year      = {2016},
	url       = {https://doi.org/10.4204/EPTCS.210.5},
	doi       = {10.4204/EPTCS.210.5},
	timestamp = {Sat, 19 Oct 2019 19:22:55 +0200},
	biburl    = {https://dblp.org/rec/journals/corr/EkiciKKMRT16.bib},
	bibsource = {dblp computer science bibliography, https://dblp.org}
}




@inproceedings{DBLP:conf/cav/BlotskyMBZKG18,
	author    = {Dmitry Blotsky and
	Federico Mora and
	Murphy Berzish and
	Yunhui Zheng and
	Ifaz Kabir and
	Vijay Ganesh},
	editor    = {Hana Chockler and
	Georg Weissenbacher},
	title     = {StringFuzz: {A} Fuzzer for String Solvers},
	booktitle = {Computer Aided Verification - 30th International Conference, {CAV}
	2018, Held as Part of the Federated Logic Conference, FloC 2018, Oxford,
	UK, July 14-17, 2018, Proceedings, Part {II}},
	series    = {Lecture Notes in Computer Science},
	volume    = {10982},
	pages     = {45--51},
	publisher = {Springer},
	year      = {2018},
	url       = {https://doi.org/10.1007/978-3-319-96142-2\_6},
	doi       = {10.1007/978-3-319-96142-2\_6},
	timestamp = {Fri, 09 Apr 2021 18:35:26 +0200},
	biburl    = {https://dblp.org/rec/conf/cav/BlotskyMBZKG18.bib},
	bibsource = {dblp computer science bibliography, https://dblp.org}
}

@inproceedings{BM20,
	author    = {Alexandra Bugariu and
	Peter M{\"{u}}ller},
	editor    = {Gregg Rothermel and
	Doo{-}Hwan Bae},
	title     = {Automatically testing string solvers},
	booktitle = {{ICSE} '20: 42nd International Conference on Software Engineering,
	Seoul, South Korea, 27 June - 19 July, 2020},
	pages     = {1459--1470},
	publisher = {{ACM}},
	year      = {2020},
	url       = {https://doi.org/10.1145/3377811.3380398},
	doi       = {10.1145/3377811.3380398},
	timestamp = {Fri, 08 Jan 2021 14:47:26 +0100},
	biburl    = {https://dblp.org/rec/conf/icse/Bugariu020.bib},
	bibsource = {dblp computer science bibliography, https://dblp.org}
}



@inproceedings{Mansur20,
	author    = {Muhammad Numair Mansur and
	Maria Christakis and
	Valentin W{\"{u}}stholz and
	Fuyuan Zhang},
	editor    = {Prem Devanbu and
	Myra B. Cohen and
	Thomas Zimmermann},
	title     = {Detecting critical bugs in {SMT} solvers using blackbox mutational
	fuzzing},
	booktitle = {{ESEC/FSE} '20: 28th {ACM} Joint European Software Engineering Conference
	and Symposium on the Foundations of Software Engineering, Virtual
	Event, USA, November 8-13, 2020},
	pages     = {701--712},
	publisher = {{ACM}},
	year      = {2020},
	url       = {https://doi.org/10.1145/3368089.3409763},
	doi       = {10.1145/3368089.3409763},
	timestamp = {Tue, 10 Nov 2020 10:58:23 +0100},
	biburl    = {https://dblp.org/rec/conf/sigsoft/MansurCWZ20.bib},
	bibsource = {dblp computer science bibliography, https://dblp.org}
}


@article{CHL+19,
	author    = {Taolue Chen and
	Matthew Hague and
	Anthony W. Lin and
	Philipp R{\"{u}}mmer and
	Zhilin Wu},
	title     = {Decision procedures for path feasibility of string-manipulating programs
	with complex operations},
	journal   = {Proc. {ACM} Program. Lang.},
	volume    = {3},
	number    = {{POPL}},
	pages     = {49:1--49:30},
	year      = {2019},
	url       = {https://doi.org/10.1145/3290362},
	doi       = {10.1145/3290362},
	timestamp = {Wed, 17 Feb 2021 08:54:02 +0100},
	biburl    = {https://dblp.org/rec/journals/pacmpl/ChenHLRW19.bib},
	bibsource = {dblp computer science bibliography, https://dblp.org}
}

@article{Makanin,
  title={The problem of solvability of equations in a free semigroup},
  author={Makanin, Gennady S},
  journal={Sbornik: Mathematics},
  volume={32},
  number={2},
  pages={129--198},
  year={1977},
  publisher={Turpion Ltd}
}



@inproceedings{Gut98,
	author    = {Claudio Guti{\'{e}}rrez},
	editor    = {Claudio L. Lucchesi and
	Arnaldo V. Moura},
	title     = {Solving Equations in Strings: On Makanin's Algorithm},
	booktitle = {{LATIN} '98: Theoretical Informatics, Third Latin American Symposium,
	Campinas, Brazil, April, 20-24, 1998, Proceedings},
	series    = {Lecture Notes in Computer Science},
	volume    = {1380},
	pages     = {358--373},
	publisher = {Springer},
	year      = {1998},
	url       = {https://doi.org/10.1007/BFb0054336},
	doi       = {10.1007/BFb0054336},
	timestamp = {Tue, 14 May 2019 10:00:53 +0200},
	biburl    = {https://dblp.org/rec/conf/latin/Gutierrez98.bib},
	bibsource = {dblp computer science bibliography, https://dblp.org}
}




@article{J16,
	author    = {Artur Jez},
	title     = {Recompression: {A} Simple and Powerful Technique for Word Equations},
	journal   = {J. {ACM}},
	volume    = {63},
	number    = {1},
	pages     = {4:1--4:51},
	year      = {2016},
	url       = {https://doi.org/10.1145/2743014},
	doi       = {10.1145/2743014},
	timestamp = {Sat, 19 Oct 2019 19:27:18 +0200},
	biburl    = {https://dblp.org/rec/journals/jacm/Jez16.bib},
	bibsource = {dblp computer science bibliography, https://dblp.org}
}

@article{Plandowski,
  author    = {Wojciech Plandowski},
  title     = {Satisfiability of word equations with constants is in {PSPACE}},
  journal   = {J. ACM},
  volume    = {51},
  number    = {3},
  year      = {2004},
  pages     = {483-496},
  bibsource = {DBLP, http://dblp.uni-trier.de}
}


@article{HJLRV18,
	author    = {Luk{\'{a}}s Hol{\'{\i}}k and
	Petr Janku and
	Anthony W. Lin and
	Philipp R{\"{u}}mmer and
	Tom{\'{a}}s Vojnar},
	title     = {String constraints with concatenation and transducers solved efficiently},
	journal   = {Proc. {ACM} Program. Lang.},
	volume    = {2},
	number    = {{POPL}},
	pages     = {4:1--4:32},
	year      = {2018},
	url       = {https://doi.org/10.1145/3158092},
	doi       = {10.1145/3158092},
	timestamp = {Wed, 17 Feb 2021 08:54:08 +0100},
	biburl    = {https://dblp.org/rec/journals/pacmpl/HolikJLRV18.bib},
	bibsource = {dblp computer science bibliography, https://dblp.org}
}

@inproceedings{Abdulla14,
	author    = {Parosh Aziz Abdulla and
	Mohamed Faouzi Atig and
	Yu{-}Fang Chen and
	Luk{\'{a}}s Hol{\'{\i}}k and
	Ahmed Rezine and
	Philipp R{\"{u}}mmer and
	Jari Stenman},
	editor    = {Armin Biere and
	Roderick Bloem},
	title     = {String Constraints for Verification},
	booktitle = {Computer Aided Verification - 26th International Conference, {CAV}
	2014, Held as Part of the Vienna Summer of Logic, {VSL} 2014, Vienna,
	Austria, July 18-22, 2014. Proceedings},
	series    = {Lecture Notes in Computer Science},
	volume    = {8559},
	pages     = {150--166},
	publisher = {Springer},
	year      = {2014},
	url       = {https://doi.org/10.1007/978-3-319-08867-9\_10},
	doi       = {10.1007/978-3-319-08867-9\_10},
	timestamp = {Tue, 29 Dec 2020 18:27:34 +0100},
	biburl    = {https://dblp.org/rec/conf/cav/AbdullaACHRRS14.bib},
	bibsource = {dblp computer science bibliography, https://dblp.org}
}


@inproceedings{Berkeley-JavaScript,
  author    = {Prateek Saxena and
               Devdatta Akhawe and
               Steve Hanna and
               Feng Mao and
               Stephen McCamant and
               Dawn Song},
  title     = {A Symbolic Execution Framework for {JavaScript}},
  booktitle = {S{\&}P},
  pages     = {513--528},
  year      = {2010},
  url       = {https://doi.org/10.1109/SP.2010.38},
  doi       = {10.1109/SP.2010.38},
  timestamp = {Fri, 26 May 2017 00:50:06 +0200},
  biburl    = {http://dblp.uni-trier.de/rec/bib/conf/sp/SaxenaAHMMS10},
  bibsource = {dblp computer science bibliography, http://dblp.org}
}




@inproceedings{Z3,
	author    = {Leonardo Mendon{\c{c}}a de Moura and
	Nikolaj Bj{\o}rner},
	editor    = {C. R. Ramakrishnan and
	Jakob Rehof},
	title     = {{Z3:} An Efficient {SMT} Solver},
	booktitle = {Tools and Algorithms for the Construction and Analysis of Systems,
	14th International Conference, {TACAS} 2008, Held as Part of the Joint
	European Conferences on Theory and Practice of Software, {ETAPS} 2008,
	Budapest, Hungary, March 29-April 6, 2008. Proceedings},
	series    = {Lecture Notes in Computer Science},
	volume    = {4963},
	pages     = {337--340},
	publisher = {Springer},
	year      = {2008},
	url       = {https://doi.org/10.1007/978-3-540-78800-3\_24},
	doi       = {10.1007/978-3-540-78800-3\_24},
	timestamp = {Tue, 14 May 2019 10:00:53 +0200},
	biburl    = {https://dblp.org/rec/conf/tacas/MouraB08.bib},
	bibsource = {dblp computer science bibliography, https://dblp.org}
}

@inproceedings{cvc4,
	author    = {Tianyi Liang and
	Andrew Reynolds and
	Cesare Tinelli and
	Clark W. Barrett and
	Morgan Deters},
	editor    = {Armin Biere and
	Roderick Bloem},
	title     = {A {DPLL(T)} Theory Solver for a Theory of Strings and Regular Expressions},
	booktitle = {Computer Aided Verification - 26th International Conference, {CAV}
	2014, Held as Part of the Vienna Summer of Logic, {VSL} 2014, Vienna,
	Austria, July 18-22, 2014. Proceedings},
	series    = {Lecture Notes in Computer Science},
	volume    = {8559},
	pages     = {646--662},
	publisher = {Springer},
	year      = {2014},
	url       = {https://doi.org/10.1007/978-3-319-08867-9\_43},
	doi       = {10.1007/978-3-319-08867-9\_43},
	timestamp = {Tue, 27 Jul 2021 08:54:13 +0200},
	biburl    = {https://dblp.org/rec/conf/cav/LiangRTBD14.bib},
	bibsource = {dblp computer science bibliography, https://dblp.org}
}


@inproceedings{Z3-str3,
	author    = {Murphy Berzish and
	Vijay Ganesh and
	Yunhui Zheng},
	editor    = {Daryl Stewart and
	Georg Weissenbacher},
	title     = {Z3str3: {A} string solver with theory-aware heuristics},
	booktitle = {2017 Formal Methods in Computer Aided Design, {FMCAD} 2017, Vienna,
	Austria, October 2-6, 2017},
	pages     = {55--59},
	publisher = {{IEEE}},
	year      = {2017},
	url       = {https://doi.org/10.23919/FMCAD.2017.8102241},
	doi       = {10.23919/FMCAD.2017.8102241},
	timestamp = {Wed, 16 Oct 2019 14:14:56 +0200},
	biburl    = {https://dblp.org/rec/conf/fmcad/BerzishGZ17.bib},
	bibsource = {dblp computer science bibliography, https://dblp.org}
}

@misc{Z3-trau,
    author = {Diep Bui and contributors},
    title = {Z3-Trau},
    howpublished = {\url{https://github.com/diepbp/z3-trau}},
    year = {2019}
}


@misc{Coq-homepage,
	title = {{Coq Homepage}},
	howpublished = {\url{https://coq.inria.fr/}}
}


@inproceedings{TCJ16,
	author    = {Minh{-}Thai Trinh and
	Duc{-}Hiep Chu and
	Joxan Jaffar},
	editor    = {Swarat Chaudhuri and
	Azadeh Farzan},
	title     = {Progressive Reasoning over Recursively-Defined Strings},
	booktitle = {Computer Aided Verification - 28th International Conference, {CAV}
	2016, Toronto, ON, Canada, July 17-23, 2016, Proceedings, Part {I}},
	series    = {Lecture Notes in Computer Science},
	volume    = {9779},
	pages     = {218--240},
	publisher = {Springer},
	year      = {2016},
	url       = {https://doi.org/10.1007/978-3-319-41528-4\_12},
	doi       = {10.1007/978-3-319-41528-4\_12},
	timestamp = {Sun, 25 Oct 2020 22:32:42 +0100},
	biburl    = {https://dblp.org/rec/conf/cav/TrinhCJ16.bib},
	bibsource = {dblp computer science bibliography, https://dblp.org}
}

@misc{Tuerk-NFA,
	title = {{A Formalisation of Finite Automata
	in Isabelle / HOL}},
	author = {Thomas Tuerk},
	year = {2012},
	institution = {Technische Universität München},
	howpublished  = {\url{https://www.thomas-tuerk.de/assets/talks/cava.pdf}},
	
}

@article{DBLP:journals/fmsd/StumpORHT13,
  author    = {Aaron Stump and
               Duckki Oe and
               Andrew Reynolds and
               Liana Hadarean and
               Cesare Tinelli},
  title     = {{SMT} proof checking using a logical framework},
  journal   = {Formal Methods Syst. Des.},
  volume    = {42},
  number    = {1},
  pages     = {91--118},
  year      = {2013},
  url       = {https://doi.org/10.1007/s10703-012-0163-3},
  doi       = {10.1007/s10703-012-0163-3},
  timestamp = {Fri, 13 Mar 2020 10:55:12 +0100},
  biburl    = {https://dblp.org/rec/journals/fmsd/StumpORHT13.bib},
  bibsource = {dblp computer science bibliography, https://dblp.org}
}

@article{DBLP:journals/entcs/Stump09,
  author    = {Aaron Stump},
  title     = {Proof Checking Technology for Satisfiability Modulo Theories},
  journal   = {Electron. Notes Theor. Comput. Sci.},
  volume    = {228},
  pages     = {121--133},
  year      = {2009},
  url       = {https://doi.org/10.1016/j.entcs.2008.12.121},
  doi       = {10.1016/j.entcs.2008.12.121},
  timestamp = {Fri, 12 Feb 2021 22:17:22 +0100},
  biburl    = {https://dblp.org/rec/journals/entcs/Stump09.bib},
  bibsource = {dblp computer science bibliography, https://dblp.org}
}

@inproceedings{DBLP:conf/tacas/Moskal08,
  author    = {Michal Moskal},
  editor    = {C. R. Ramakrishnan and
               Jakob Rehof},
  title     = {Rocket-Fast Proof Checking for {SMT} Solvers},
  booktitle = {TACAS},
  pages     = {486--500},
  year      = {2008},
  url       = {https://doi.org/10.1007/978-3-540-78800-3\_38},
  doi       = {10.1007/978-3-540-78800-3\_38},
  timestamp = {Tue, 14 May 2019 10:00:53 +0200},
  biburl    = {https://dblp.org/rec/conf/tacas/Moskal08.bib},
  bibsource = {dblp computer science bibliography, https://dblp.org}
}

@Article{Gentzen35,
  author =       "Gerhard Gentzen",
  title =        "Untersuchungen {\"u}ber das {L}ogische {S}chliessen",
  journal =      "Mathematische Zeitschrift",
  volume =       "39",
  year =         "1935",
  pages =        "176--210, 405--431",
  note =         "English translation, ``Investigations into Logical
                  Deduction,'' in \cite{Gentzen69}"
}

@BOOK{Gentzen69,
        Editor             = {M. E. Szabo},
        PUBLISHER          = {North-Holland, Amsterdam},
        TITLE              = {The Collected Papers of Gerhard Gentzen},
        YEAR               = {1969},
        LOCATION           = {D Gen}
}

@inproceedings{DBLP:conf/vmcai/OeSOC12,
  author    = {Duckki Oe and
               Aaron Stump and
               Corey Oliver and
               Kevin Clancy},
  editor    = {Viktor Kuncak and
               Andrey Rybalchenko},
  title     = {versat: {A} Verified Modern {SAT} Solver},
  booktitle = {VMCAI},
  pages     = {363--378},
  year      = {2012},
  url       = {https://doi.org/10.1007/978-3-642-27940-9\_24},
  doi       = {10.1007/978-3-642-27940-9\_24},
  timestamp = {Tue, 14 May 2019 10:00:43 +0200},
  biburl    = {https://dblp.org/rec/conf/vmcai/OeSOC12.bib},
  bibsource = {dblp computer science bibliography, https://dblp.org}
}

@inproceedings{tesc,
        TITLE              = {The {TESC} Proof Format for First-Order {ATPs}},
        author             = {Seulkee Baek},
        YEAR               = {2020},
        booktitle          = {7th Workshop on Practical Aspects of Automated Reasoning}
}

@TECHREPORT{smtlib,
  author =	 {Clark Barrett and Pascal Fontaine and Cesare Tinelli},
  title =	 {{The {SMT-LIB} Standard: Version 2.6}},
  institution =	 {Department of Computer Science, The University of Iowa},
  year =	 2017,
  note =	 {Available at {\tt www.SMT-LIB.org}}
}



@inproceedings{symbolic-transducer,
	author    = {Margus Veanes and
	Pieter Hooimeijer and
	Benjamin Livshits and
	David Molnar and
	Nikolaj Bj{\o}rner},
	editor    = {John Field and
	Michael Hicks},
	title     = {Symbolic finite state transducers: algorithms and applications},
	booktitle = {Proceedings of the 39th {ACM} {SIGPLAN-SIGACT} Symposium on Principles
	of Programming Languages, {POPL} 2012, Philadelphia, Pennsylvania,
	USA, January 22-28, 2012},
	pages     = {137--150},
	publisher = {{ACM}},
	year      = {2012},
	url       = {https://doi.org/10.1145/2103656.2103674},
	doi       = {10.1145/2103656.2103674},
	timestamp = {Thu, 24 Jun 2021 16:19:31 +0200},
	biburl    = {https://dblp.org/rec/conf/popl/VeanesHLMB12.bib},
	bibsource = {dblp computer science bibliography, https://dblp.org}
}

@InProceedings{princess08,
  author    = {Philipp R{\"u}mmer},
  title     = {A Constraint Sequent Calculus for First-Order Logic with
               Linear Integer Arithmetic},
  booktitle = {LPAR},
  year      = 2008,
  volume    = {5330},
  pages     = {274-289},
  isbn      = {978-3-540-89438-4},
  series    = {LNCS},
  publisher = {Springer}
}

@inproceedings{hojjat2018eldarica,
  title={The {ELDARICA} {Horn} solver},
  author={Hojjat, Hossein and R{\"u}mmer, Philipp},
  booktitle={2018 Formal Methods in Computer Aided Design (FMCAD)},
  pages={1--7},
  organization={IEEE}
}

@inproceedings{DBLP:conf/cav/BeyerK11,
  author    = {Dirk Beyer and
               M. Erkan Keremoglu},
  editor    = {Ganesh Gopalakrishnan and
               Shaz Qadeer},
  title     = {CPAchecker: {A} Tool for Configurable Software Verification},
  booktitle = {CAV},
  series    = {Lecture Notes in Computer Science},
  volume    = {6806},
  pages     = {184--190},
  publisher = {Springer},
  year      = {2011},
  url       = {https://doi.org/10.1007/978-3-642-22110-1\_16},
  doi       = {10.1007/978-3-642-22110-1\_16},
  timestamp = {Tue, 14 May 2019 10:00:43 +0200},
  biburl    = {https://dblp.org/rec/conf/cav/BeyerK11.bib},
  bibsource = {dblp computer science bibliography, https://dblp.org}
}

@inproceedings{DBLP:conf/cpaior/AmadiniAGSSS19,
  author    = {Roberto Amadini and
               Mak Andrlon and
               Graeme Gange and
               Peter Schachte and
               Harald S{\o}ndergaard and
               Peter J. Stuckey},
  editor    = {Louis{-}Martin Rousseau and
               Kostas Stergiou},
  title     = {CPAIOR},
  series    = {Lecture Notes in Computer Science},
  volume    = {11494},
  pages     = {1--19},
  publisher = {Springer},
  year      = {2019},
  url       = {https://doi.org/10.1007/978-3-030-19212-9\_1},
  doi       = {10.1007/978-3-030-19212-9\_1},
  timestamp = {Sun, 25 Oct 2020 23:15:05 +0100},
  biburl    = {https://dblp.org/rec/conf/cpaior/AmadiniAGSSS19.bib},
  bibsource = {dblp computer science bibliography, https://dblp.org}
}




# add by shuanglong kan

@misc{Peter14,
	title = {{Transition Systems and Automata Isabelle Library}},
	author={Julian Brunner},
	year = 2017,
	howpublished = {Arch. Formal Proofs},
	note = {\url{https://www.isa-afp.org/entries/Transition_Systems_and_Automata.html}}
}

@misc{Julian,
	title = {{The CAVA Automata Isabelle Library}},
	author={Peter Lammich},
	year = {2014},
	note = {\url{https://www.isa-afp.org/entries/CAVA_Automata.html}},
	howpublished = {Arch. Formal Proofs}
}

@inproceedings{DBLP:conf/cav/DAntoniV17,
	author    = {Loris D'Antoni and
	Margus Veanes},
	editor    = {Rupak Majumdar and
	Viktor Kuncak},
	title     = {The Power of Symbolic Automata and Transducers},
	booktitle = {Computer Aided Verification - 29th International Conference, {CAV}
	2017, Heidelberg, Germany, July 24-28, 2017, Proceedings, Part {I}},
	series    = {Lecture Notes in Computer Science},
	volume    = {10426},
	pages     = {47--67},
	publisher = {Springer},
	year      = {2017},
	url       = {https://doi.org/10.1007/978-3-319-63387-9\_3},
	doi       = {10.1007/978-3-319-63387-9\_3},
	timestamp = {Tue, 14 May 2019 10:00:43 +0200},
	biburl    = {https://dblp.org/rec/conf/cav/DAntoniV17.bib},
	bibsource = {dblp computer science bibliography, https://dblp.org}
}


@article{DV21,
	author    = {Loris D'Antoni and
	Margus Veanes},
	title     = {Automata modulo theories},
	journal   = {Commun. {ACM}},
	volume    = {64},
	number    = {5},
	pages     = {86--95},
	year      = {2021},
	url       = {https://doi.org/10.1145/3419404},
	doi       = {10.1145/3419404},
	timestamp = {Fri, 14 May 2021 15:36:56 +0200},
	biburl    = {https://dblp.org/rec/journals/cacm/DAntoniV21.bib},
	bibsource = {dblp computer science bibliography, https://dblp.org}
}

@inproceedings{DBLP:conf/cav/CordeiroKKST18,
	author    = {Lucas C. Cordeiro and
	Pascal Kesseli and
	Daniel Kroening and
	Peter Schrammel and
	Marek Trt{\'{\i}}k},
	editor    = {Hana Chockler and
	Georg Weissenbacher},
	title     = {{JBMC:} {A} Bounded Model Checking Tool for Verifying Java Bytecode},
	booktitle = {Computer Aided Verification - 30th International Conference, {CAV}
	2018, Held as Part of the Federated Logic Conference, FloC 2018, Oxford,
	UK, July 14-17, 2018, Proceedings, Part {I}},
	series    = {Lecture Notes in Computer Science},
	volume    = {10981},
	pages     = {183--190},
	publisher = {Springer},
	year      = {2018},
	url       = {https://doi.org/10.1007/978-3-319-96145-3\_10},
	doi       = {10.1007/978-3-319-96145-3\_10},
	timestamp = {Fri, 09 Apr 2021 18:35:27 +0200},
	biburl    = {https://dblp.org/rec/conf/cav/CordeiroKKST18.bib},
	bibsource = {dblp computer science bibliography, https://dblp.org}
}



@inproceedings{DBLP:conf/tacas/NollerPFLV19,
	author    = {Yannic Noller and
	Corina S. Pasareanu and
	Aymeric Fromherz and
	Xuan{-}Bach Dinh Le and
	Willem Visser},
	editor    = {Dirk Beyer and
	Marieke Huisman and
	Fabrice Kordon and
	Bernhard Steffen},
	title     = {Symbolic Pathfinder for {SV-COMP} - (Competition Contribution)},
	booktitle = {Tools and Algorithms for the Construction and Analysis of Systems
	- 25 Years of {TACAS:} TOOLympics, Held as Part of {ETAPS} 2019, Prague,
	Czech Republic, April 6-11, 2019, Proceedings, Part {III}},
	series    = {Lecture Notes in Computer Science},
	volume    = {11429},
	pages     = {239--243},
	publisher = {Springer},
	year      = {2019},
	url       = {https://doi.org/10.1007/978-3-030-17502-3\_21},
	doi       = {10.1007/978-3-030-17502-3\_21},
	timestamp = {Fri, 22 Oct 2021 09:07:12 +0200},
	biburl    = {https://dblp.org/rec/conf/tacas/NollerPFLV19.bib},
	bibsource = {dblp computer science bibliography, https://dblp.org}
}

@inproceedings{DBLP:conf/fmcad/BackesBCDGLRTV18,
  author    = {John Backes and
               Pauline Bolignano and
               Byron Cook and
               Catherine Dodge and
               Andrew Gacek and
               Kasper S{\o}e Luckow and
               Neha Rungta and
               Oksana Tkachuk and
               Carsten Varming},
  editor    = {Nikolaj Bj{\o}rner and
               Arie Gurfinkel},
  title     = {Semantic-based Automated Reasoning for {AWS} Access Policies using
               {SMT}},
  booktitle = {2018 Formal Methods in Computer Aided Design, {FMCAD} 2018, Austin,
               TX, USA, October 30 - November 2, 2018},
  pages     = {1--9},
  publisher = {{IEEE}},
  year      = {2018},
  url       = {https://doi.org/10.23919/FMCAD.2018.8602994},
  doi       = {10.23919/FMCAD.2018.8602994},
  timestamp = {Wed, 30 Oct 2019 08:31:24 +0100},
  biburl    = {https://dblp.org/rec/conf/fmcad/BackesBCDGLRTV18.bib},
  bibsource = {dblp computer science bibliography, https://dblp.org}
}

@inproceedings{DBLP:conf/sp/SaxenaAHMMS10,
	author    = {Prateek Saxena and
	Devdatta Akhawe and
	Steve Hanna and
	Feng Mao and
	Stephen McCamant and
	Dawn Song},
	title     = {A Symbolic Execution Framework for JavaScript},
	booktitle = {31st {IEEE} Symposium on Security and Privacy, S{\&}P 2010, 16-19
	May 2010, Berleley/Oakland, California, {USA}},
	pages     = {513--528},
	publisher = {{IEEE} Computer Society},
	year      = {2010},
	url       = {https://doi.org/10.1109/SP.2010.38},
	doi       = {10.1109/SP.2010.38},
	timestamp = {Wed, 16 Oct 2019 14:14:51 +0200},
	biburl    = {https://dblp.org/rec/conf/sp/SaxenaAHMMS10.bib},
	bibsource = {dblp computer science bibliography, https://dblp.org}
}


@inproceedings{Min05,
  author    = {Yasuhiko Minamide},
  editor    = {Allan Ellis and
               Tatsuya Hagino},
  title     = {Static approximation of dynamically generated Web pages},
  booktitle = {Proceedings of the 14th international conference on World Wide Web,
               {WWW} 2005, Chiba, Japan, May 10-14, 2005},
  pages     = {432--441},
  publisher = {{ACM}},
  year      = {2005},
  url       = {https://doi.org/10.1145/1060745.1060809},
  doi       = {10.1145/1060745.1060809},
  timestamp = {Tue, 06 Nov 2018 16:57:09 +0100},
  biburl    = {https://dblp.org/rec/conf/www/Minamide05.bib},
  bibsource = {dblp computer science bibliography, https://dblp.org}
}

@inproceedings{SLOG,
  author    = {Hung{-}En Wang and
               Tzung{-}Lin Tsai and
               Chun{-}Han Lin and
               Fang Yu and
               Jie{-}Hong R. Jiang},
  editor    = {Swarat Chaudhuri and
               Azadeh Farzan},
  title     = {String Analysis via Automata Manipulation with Logic Circuit Representation},
  booktitle = {Computer Aided Verification - 28th International Conference, {CAV}
               2016, Toronto, ON, Canada, July 17-23, 2016, Proceedings, Part {I}},
  series    = {Lecture Notes in Computer Science},
  volume    = {9779},
  pages     = {241--260},
  publisher = {Springer},
  year      = {2016},
  url       = {https://doi.org/10.1007/978-3-319-41528-4\_13},
  doi       = {10.1007/978-3-319-41528-4\_13},
  timestamp = {Tue, 14 May 2019 10:00:43 +0200},
  biburl    = {https://dblp.org/rec/conf/cav/WangTLYJ16.bib},
  bibsource = {dblp computer science bibliography, https://dblp.org}
}

@inproceedings{LB16,
  author    = {Anthony Widjaja Lin and
               Pablo Barcel{\'{o}}},
  editor    = {Rastislav Bod{\'{\i}}k and
               Rupak Majumdar},
  title     = {String solving with word equations and transducers: towards a logic
               for analysing mutation {XSS}},
  booktitle = {Proceedings of the 43rd Annual {ACM} {SIGPLAN-SIGACT} Symposium on
               Principles of Programming Languages, {POPL} 2016, St. Petersburg,
               FL, USA, January 20 - 22, 2016},
  pages     = {123--136},
  publisher = {{ACM}},
  year      = {2016},
  url       = {https://doi.org/10.1145/2837614.2837641},
  doi       = {10.1145/2837614.2837641},
  timestamp = {Wed, 23 Jun 2021 15:34:31 +0200},
  biburl    = {https://dblp.org/rec/conf/popl/LinB16.bib},
  bibsource = {dblp computer science bibliography, https://dblp.org}
}

@inproceedings{word-length,
  author    = {Vijay Ganesh and
               Mia Minnes and
               Armando Solar{-}Lezama and
               Martin C. Rinard},
  editor    = {Armin Biere and
               Amir Nahir and
               Tanja E. J. Vos},
  title     = {Word Equations with Length Constraints: What's Decidable?},
  booktitle = {Hardware and Software: Verification and Testing - 8th International
               Haifa Verification Conference, {HVC} 2012, Haifa, Israel, November
               6-8, 2012. Revised Selected Papers},
  series    = {Lecture Notes in Computer Science},
  volume    = {7857},
  pages     = {209--226},
  publisher = {Springer},
  year      = {2012},
  url       = {https://doi.org/10.1007/978-3-642-39611-3\_21},
  doi       = {10.1007/978-3-642-39611-3\_21},
  timestamp = {Tue, 14 May 2019 10:00:42 +0200},
  biburl    = {https://dblp.org/rec/conf/hvc/GaneshMSR12.bib},
  bibsource = {dblp computer science bibliography, https://dblp.org}
}


@article{mona-secret,
  author    = {Nils Klarlund and
               Anders M{\o}ller and
               Michael I. Schwartzbach},
  title     = {{MONA} Implementation Secrets},
  journal   = {Int. J. Found. Comput. Sci.},
  volume    = {13},
  number    = {4},
  pages     = {571--586},
  year      = {2002},
  url       = {https://doi.org/10.1142/S012905410200128X},
  doi       = {10.1142/S012905410200128X},
  timestamp = {Mon, 26 Oct 2020 08:56:55 +0100},
  biburl    = {https://dblp.org/rec/journals/ijfcs/KlarlundMS02.bib},
  bibsource = {dblp computer science bibliography, https://dblp.org}
}

@Incollection{Diekert,
   title = "Makanin's {A}lgorithm",
   year = "2002",
   volume = "90",
   pages = "387--442",
   file_url = "[PS] http://www2.informatik.uni-stuttgart.de/fmi/ti/veroeffentlichungen/psfiles/Diekert98makanin.ps",
   web_url2 = "[\copyright Cambridge University Press] http://www.cambridge.org/gb/knowledge/isbn/item5759568/",
   editor = "M. Lothaire",
   publisher = "Cambridge University Press",
   series = "Encyclopedia of Mathematics and its Applications",
   chapter = "12",
   booktitle = "Algebraic Combinatorics on Words",
   author = "Diekert, Volker"
}



@inproceedings{HLRW20,
	author    = {Matthew Hague and
	Anthony W. Lin and
	Philipp R{\"{u}}mmer and
	Zhilin Wu},
	editor    = {Nicolas Peltier and
	Viorica Sofronie{-}Stokkermans},
	title     = {Monadic Decomposition in Integer Linear Arithmetic},
	booktitle = {Automated Reasoning - 10th International Joint Conference, {IJCAR}
	2020, Paris, France, July 1-4, 2020, Proceedings, Part {I}},
	series    = {Lecture Notes in Computer Science},
	volume    = {12166},
	pages     = {122--140},
	publisher = {Springer},
	year      = {2020},
	url       = {https://doi.org/10.1007/978-3-030-51074-9\_8},
	doi       = {10.1007/978-3-030-51074-9\_8},
	timestamp = {Thu, 06 Aug 2020 21:49:45 +0200},
	biburl    = {https://dblp.org/rec/conf/cade/HagueLRW20.bib},
	bibsource = {dblp computer science bibliography, https://dblp.org}
}

@inproceedings{OSTRICHlen,
  author    = {Taolue Chen and
               Matthew Hague and
               Jinlong He and
               Denghang Hu and
               Anthony Widjaja Lin and
               Philipp R{\"{u}}mmer and
               Zhilin Wu},
  title     = {A Decision Procedure for Path Feasibility of String Manipulating Programs
               with Integer Data Type},
  booktitle = {Automated Technology for Verification and Analysis - 18th International
               Symposium, {ATVA} 2020, Hanoi, Vietnam, October 19-23, 2020, Proceedings},
  pages     = {325--342},
  year      = {2020},
  crossref  = {DBLP:conf/atva/2020},
  url       = {https://doi.org/10.1007/978-3-030-59152-6\_18},
  doi       = {10.1007/978-3-030-59152-6\_18},
  timestamp = {Tue, 13 Oct 2020 16:57:38 +0200},
  biburl    = {https://dblp.org/rec/conf/atva/ChenHHHLRW20.bib},
  bibsource = {dblp computer science bibliography, https://dblp.org}
}

@article{EMU,
    author = {Taolue Chen and Alejandro Flores-Lamas and
        Matthew Hague and Zhilei Han and Denghang Hu and Shuanglong Kan
            and Anthony W. Lin and Philipp Ruemmer and Zhilin Wu},
    title = {Solving String Constraints with Regex-Dependent Functions through
        Transducers with Priorities and Variables},
	journal   = {Proc. {ACM} Program. Lang.},
	volume    = {6},
	number    = {{POPL}},
    year = {2022},
    notes = {(To appear)}
}

@article{popl18b,
  author    = {Taolue Chen and
               Yan Chen and
               Matthew Hague and
               Anthony W. Lin and
               Zhilin Wu},
  title     = {What is decidable about string constraints with the ReplaceAll function},
  journal   = {Proc. {ACM} Program. Lang.},
  volume    = {2},
  number    = {{POPL}},
  pages     = {3:1--3:29},
  year      = {2018},
  url       = {https://doi.org/10.1145/3158091},
  doi       = {10.1145/3158091},
  timestamp = {Wed, 17 Feb 2021 08:53:56 +0100},
  biburl    = {https://dblp.org/rec/journals/pacmpl/ChenCHLW18.bib},
  bibsource = {dblp computer science bibliography, https://dblp.org}
}

@inproceedings{z3str3re,
  author    = {Murphy Berzish and
               Mitja Kulczynski and
               Federico Mora and
               Florin Manea and
               Joel D. Day and
               Dirk Nowotka and
               Vijay Ganesh},
  editor    = {Alexandra Silva and
               K. Rustan M. Leino},
  title     = {An {SMT} Solver for Regular Expressions and Linear Arithmetic over
               String Length},
  booktitle = {Computer Aided Verification - 33rd International Conference, {CAV}
               2021, Virtual Event, July 20-23, 2021, Proceedings, Part {II}},
  series    = {Lecture Notes in Computer Science},
  volume    = {12760},
  pages     = {289--312},
  publisher = {Springer},
  year      = {2021},
  url       = {https://doi.org/10.1007/978-3-030-81688-9\_14},
  doi       = {10.1007/978-3-030-81688-9\_14},
  timestamp = {Fri, 23 Jul 2021 16:41:31 +0200},
  biburl    = {https://dblp.org/rec/conf/cav/BerzishKMMDNG20.bib},
  bibsource = {dblp computer science bibliography, https://dblp.org}
}

@inproceedings{BEK,
  author    = {Pieter Hooimeijer and
               Benjamin Livshits and
               David Molnar and
               Prateek Saxena and
               Margus Veanes},
  title     = {Fast and Precise Sanitizer Analysis with {BEK}},
  booktitle = {20th {USENIX} Security Symposium, San Francisco, CA, USA, August 8-12,
               2011, Proceedings},
  publisher = {{USENIX} Association},
  year      = {2011},
  url       = {http://static.usenix.org/events/sec11/tech/full\_papers/Hooimeijer.pdf},
  timestamp = {Thu, 12 Mar 2020 11:34:59 +0100},
  biburl    = {https://dblp.org/rec/conf/uss/HooimeijerLMSV11.bib},
  bibsource = {dblp computer science bibliography, https://dblp.org}
}

@inproceedings{aratha,
  author    = {Roberto Amadini and
               Mak Andrlon and
               Graeme Gange and
               Peter Schachte and
               Harald S{\o}ndergaard and
               Peter J. Stuckey},
  editor    = {Louis{-}Martin Rousseau and
               Kostas Stergiou},
  title     = {Constraint Programming for Dynamic Symbolic Execution of JavaScript},
  booktitle = {Integration of Constraint Programming, Artificial Intelligence, and
               Operations Research - 16th International Conference, {CPAIOR} 2019,
               Thessaloniki, Greece, June 4-7, 2019, Proceedings},
  series    = {Lecture Notes in Computer Science},
  volume    = {11494},
  pages     = {1--19},
  publisher = {Springer},
  year      = {2019},
  url       = {https://doi.org/10.1007/978-3-030-19212-9\_1},
  doi       = {10.1007/978-3-030-19212-9\_1},
  timestamp = {Sun, 25 Oct 2020 23:15:05 +0100},
  biburl    = {https://dblp.org/rec/conf/cpaior/AmadiniAGSSS19.bib},
  bibsource = {dblp computer science bibliography, https://dblp.org}
}

@inproceedings{SVB21,
  author    = {Caleb Stanford and
               Margus Veanes and
               Nikolaj Bj{\o}rner},
  editor    = {Stephen N. Freund and
               Eran Yahav},
  title     = {Symbolic Boolean derivatives for efficiently solving extended regular
               expression constraints},
  booktitle = {{PLDI} '21: 42nd {ACM} {SIGPLAN} International Conference on Programming
               Language Design and Implementation, Virtual Event, Canada, June 20-25,
               2021},
  pages     = {620--635},
  publisher = {{ACM}},
  year      = {2021},
  url       = {https://doi.org/10.1145/3453483.3454066},
  doi       = {10.1145/3453483.3454066},
  timestamp = {Thu, 09 Dec 2021 07:39:43 +0100},
  biburl    = {https://dblp.org/rec/conf/pldi/StanfordVB21.bib},
  bibsource = {dblp computer science bibliography, https://dblp.org}
}

 @book{nipkow2002isabelle,
  title={Isabelle/HOL: a proof assistant for higher-order logic},
  author={Nipkow, Tobias and Paulson, Lawrence C and Wenzel, Markus},
  volume={2283},
  year={2002},
  publisher={Springer Science \& Business Media}
} 